@article{xu2017generalized,
  title={Generalized synthetic control method: Causal inference with interactive fixed effects models},
  author={Xu, Yiqing},
  journal={Political Analysis},
  volume={25},
  number={1},
  pages={57--76},
  year={2017},
  publisher={Cambridge University Press}
}

@article{abadie2010synthetic,
  title={Synthetic control methods for comparative case studies: Estimating the effect of Californiaâ€™s tobacco control program},
  author={Abadie, Alberto and Diamond, Alexis and Hainmueller, Jens},
  journal={Journal of the American statistical Association},
  volume={105},
  number={490},
  pages={493--505},
  year={2010},
  publisher={Taylor \& Francis}
}